% This file was created with JabRef 2.9.2.
% Encoding: UTF8

@ARTICLE{Nostrand1966,
  author = {Van Nostrand, G R. and Cook, L K.},
  title = {Intepretation of resistivity data},
  journal = {Professional Paper 499, U.S. Geological Survey},
  year = {1966},
  type = {Journal Article}
}

@ARTICLE{Large1971G,
  author = {Large, David B},
  title = {Electric potential near a spherical body in a conducting half-space},
  journal = {Geophysics},
  year = {1971},
  volume = {36},
  pages = {763-767},
  number = {4},
  issn = {0016-8033},
  type = {Journal Article}
}

@ARTICLE{Merkel1971GP,
  author = {Merkel, R H and Alexander, S S},
  title = {Resistivity analysis for models of a sphere in a half-space with
	buried current sources},
  journal = {Geophysical Prospecting},
  year = {1971},
  volume = {19},
  pages = {640-651},
  number = {4},
  issn = {1365-2478},
  type = {Journal Article}
}

@ARTICLE{Singh1976G,
  author = {Singh, S K and Espindola, J M},
  title = {Apparent resistivity of a perfectly conducting sphere buried in a
	half-space},
  journal = {Geophysics},
  year = {1976},
  volume = {41},
  pages = {742-751},
  number = {4},
  issn = {0016-8033},
  type = {Journal Article}
}

@ARTICLE{Snyder1973G,
  author = {Snyder, D D and Merkel, R M},
  title = {Analytic models for the interpretation of electrical surveys using
	buried current electrodes},
  journal = {Geophysics},
  year = {1973},
  volume = {38},
  pages = {513-529},
  number = {3},
  issn = {0016-8033},
  type = {Journal Article}
}

@ARTICLE{Tang2012,
  author = {Tang, J J and Yuan, Y},
  title = {Comparison of approximate solution and exact solution of buried sphere
	model at point source with different arrays},
  journal = {Journal of Central South University (Science and Technology)},
  year = {2012},
  volume = {43},
  pages = {1057-1064},
  number = {3},
  type = {Journal Article}
}

