@incollection{ward1988,
    author = {Ward, Stanley H and Hohmann, Gerald W},
    booktitle = {Electromagnetic Methods in Applied Geophysics},
    chapter = {4},
    doi = {10.1190/1.9781560802631.ch4},
    edition = {1},
    file = {:Users/lindseyjh/git/Library/Ward, Hohmann - 1988 - Electromagnetic Theory for Geophysical Applications Applications.pdf:pdf},
    mendeley-groups = {General EM,ThesisProposal},
    pages = {130--311},
    publisher = {Society of Exploration Geophysicists},
    title = {{Electromagnetic Theory for Geophysical Applications}},
    url = {http://library.seg.org/doi/abs/10.1190/1.9781560802631.ch4},
    year = {1988}
}

@article{rutley2001,
  title={2-D and 3-D IP/resistivity inversion for the interpretation of Isa-style targets},
  author={Rutley, Andrea and Oldenburg, Douglas W and Shekhtman, Roman},
  journal={Exploration Geophysics},
  volume={32},
  number={3/4},
  pages={156--159},
  year={2001},
  publisher={Australian Society of Exploration Geophysicists (ASEG) PO Box 8463, Perth Business Centre WA 6849 Australia}
}

@book{griffiths1999,
  title={Introduction to electrodynamics},
  author={Griffiths, David J},
  year={1999},
  publisher={Prentice-Hall}
}

@misc{poole1981,
    title={A reassessment of the Mount Novit Prospect: unpublished company report},
    author={Poole, J.R.},
    year={1981}
}

@article{russel1978,
    title={The Mount Novit Pb-Ag-Zn Deposit - variations on a Mount Isa theme},
    author={Russel, R.R.},
    year={1978},
    journal={Third Australian Geological Convention, Geological Society Australia},
    volume={31},
}

@book{hertz1893,
  title={Electric waves: being researches on the propagation of electric action with finite velocity through space},
  author={Hertz, Heinrich},
  year={1893},
  publisher={Dover Publications}
}

@article{maxwell1861,
  title={XLIV. On physical lines of force},
  author={Maxwell, James C},
  journal={The London, Edinburgh, and Dublin Philosophical Magazine and Journal of Science},
  volume={21},
  number={140},
  pages={281--291},
  year={1861},
  publisher={Taylor \& Francis}
}

@book{maxwell1865,
  author={James C. Maxwell},
  title={A dynamical theory of the electromagnetic field}, 
  year={1865},
  publisher={Philosophical Transactions of the Royal Society}
}

